<?xml version="1.0" encoding="UTF-8"?><collection xmlns="http://www.loc.gov/MARC21/slim"><record><leader>00355nam--2200121-i-4500</leader><controlfield tag="001">000044923</controlfield><controlfield tag="002">20161230</controlfield><controlfield tag="005">20161230201044</controlfield><controlfield tag="008">060222s1000------------r-----000-0-eng-d</controlfield><datafield ind1=" " ind2=" " tag="245"><subfield code="a">Nuclear spectroscopy with direct reactions.i. contributed papers</subfield></datafield><datafield ind1=" " ind2=" " tag="260"><subfield code="a">Argonne/Iii., Argonne National Laboratory, 1964, Viii + 248p</subfield></datafield><datafield ind1=" " ind2=" " tag="700"><subfield code="a">Throw,F.E</subfield></datafield><datafield ind1=" " ind2=" " tag="852"><subfield code="a">24252</subfield></datafield></record></collection>